@inproceedings{hu2021lora,
  title={LoRA: Low-Rank Adaptation of Large Language Models},
  author={Hu, Edward J and Shen, Yelong and Wallis, Phillip and Allen-Zhu, Zeyuan and Li, Yuanzhi and Wang, Shean and Wang, Lu and Chen, Weizhu},
  booktitle={International Conference on Learning Representations},
  year={2022},
  url={https://openreview.net/forum?id=nZeVKeeFYf9}
}

@inproceedings{zhang2023adaptive,
  title={Adaptive Budget Allocation for Parameter-Efficient Fine-Tuning},
  author={Zhang, Qingru and Chen, Minshuo and Bukharin, Alexander and He, Pengcheng and Cheng, Yu and Chen, Weizhu and Zhao, Tuo},
  booktitle={International Conference on Learning Representations},
  year={2023},
  url={https://openreview.net/forum?id=lq62uWRJjiY}
}

@inproceedings{dettmers2023qlora,
  title={QLoRA: Efficient Finetuning of Quantized LLMs},
  author={Dettmers, Tim and Pagnoni, Artidoro and Holtzman, Ari and Zettlemoyer, Luke},
  booktitle={Advances in Neural Information Processing Systems},
  year={2023},
  volume={36},
  pages={10088--10115}
}

@inproceedings{houlsby2019parameter,
  title={Parameter-Efficient Transfer Learning for NLP},
  author={Houlsby, Neil and Giurgiu, Andrei and Jastrzebski, Stanislaw and Morrone, Bruna and De Laroussilhe, Quentin and Gesmundo, Andrea and Attariyan, Mona and Gelly, Sylvain},
  booktitle={International Conference on Machine Learning},
  pages={2790--2799},
  year={2019},
  organization={PMLR}
}

@inproceedings{socher2013recursive,
  title={Recursive Deep Models for Semantic Compositionality Over a Sentiment Treebank},
  author={Socher, Richard and Perelygin, Alex and Wu, Jean and Chuang, Jason and Manning, Christopher D and Ng, Andrew Y and Potts, Christopher},
  booktitle={Proceedings of the 2013 Conference on Empirical Methods in Natural Language Processing},
  pages={1631--1642},
  year={2013}
}

@article{merity2016pointer,
  title={Pointer Sentinel Mixture Models},
  author={Merity, Stephen and Xiong, Caiming and Bradbury, James and Socher, Richard},
  journal={arXiv preprint arXiv:1609.07843},
  year={2016}
}

@inproceedings{devlin2019bert,
  title={BERT: Pre-training of Deep Bidirectional Transformers for Language Understanding},
  author={Devlin, Jacob and Chang, Ming-Wei and Lee, Kenton and Toutanova, Kristina},
  booktitle={Proceedings of the 2019 Conference of the North American Chapter of the Association for Computational Linguistics: Human Language Technologies},
  pages={4171--4186},
  year={2019}
}

@article{radford2019language,
  title={Language Models are Unsupervised Multitask Learners},
  author={Radford, Alec and Wu, Jeffrey and Child, Rewon and Luan, David and Amodei, Dario and Sutskever, Ilya},
  journal={OpenAI blog},
  volume={1},
  number={8},
  pages={9},
  year={2019}
}

@inproceedings{li2018measuring,
  title={Measuring the Intrinsic Dimension of Objective Landscapes},
  author={Li, Chunyuan and Farkhoor, Heerad and Liu, Rosanne and Yosinski, Jason},
  booktitle={International Conference on Learning Representations},
  year={2018}
}

@article{aghajanyan2020intrinsic,
  title={Intrinsic Dimensionality Explains the Effectiveness of Language Model Fine-Tuning},
  author={Aghajanyan, Armen and Gupta, Sonal and Zettlemoyer, Luke},
  journal={arXiv preprint arXiv:2012.13255},
  year={2020}
}

@inproceedings{pfeiffer2020adapterfusion,
  title={AdapterFusion: Non-Destructive Task Composition for Transfer Learning},
  author={Pfeiffer, Jonas and Kamath, Aishwarya and R{\"u}ckl{\'e}, Andreas and Cho, Kyunghyun and Gurevych, Iryna},
  booktitle={Proceedings of the 16th Conference of the European Chapter of the Association for Computational Linguistics: Main Volume},
  pages={487--503},
  year={2021}
}

@article{liu2022few,
  title={Few-shot Parameter-Efficient Fine-tuning is Better and Cheaper than In-context Learning},
  author={Liu, Haokun and Tam, Derek and Muqeeth, Mohammed and Mohta, Jay and Huang, Tenghao and Bansal, Mohit and Raffel, Colin},
  journal={Advances in Neural Information Processing Systems},
  volume={35},
  pages={1950--1965},
  year={2022}
}

@article{ding2022delta,
  title={Delta Tuning: A Comprehensive Study of Parameter Efficient Methods for Pre-trained Language Models},
  author={Ding, Ning and Qin, Yujia and Yang, Guang and Wei, Fuchao and Yang, Zonghan and Su, Yusheng and Hu, Shengding and Chen, Yulin and Chan, Chi-Min and Chen, Weize and others},
  journal={arXiv preprint arXiv:2203.06904},
  year={2022}
} 